@misc{AABB,
	title = {3D collision detection},
	howpublished = {\url{https://developer.mozilla.org/en-US/docs/Games/Techniques/3D_collision_detection}},
	note = {Accessed: 10.12.17}
}
@misc{SAT,
	title = {Collision Detection Using the Separating Axis Theorem},
	howpublished = {\url{https://gamedevelopment.tutsplus.com/tutorials/collision-detection-using-the-separating-axis-theorem--gamedev-169}},
	note = {Accessed: 11.12.17}
}
@misc{Octtree,
	title = {Octree},
	howpublished = {\url{https://en.wikipedia.org/wiki/Octree}},
	note = {Accessed: 11.12.17}
}
@misc{SLERP,
	title = {Quaternion interpolation},
	howpublished = {\url{https://theory.org/software/qfa/writeup/node12.html}},
	note = {Accessed: 12.12.17}
}
